@online{R1,
author = {StatisticsCanada},
journal = {Www},
month = {May},
title = {Fire-related deaths and persons injured, by type of structure},
volume = {150},
year = {2019},
url = {https://www150.statcan.gc.ca/t1/tbl1/en/tv.action?pid=3510019501 [Accessed: 21-May-2019].},
}

@article{R2,
author = {H. Tashakkori, A. Rajabifard and M. Kalantari},
journal = {Building and Environment},
number = {5194},
pages = {170-182},
title = {A new 3D indoor/outdoor spatial model for indoor emergency response facilitation},
volume = {89},
year = {2015},
unidentified = {10.1016/j.buildenv.2015.02.036},
}

@article{R3,
author = {H. Tashakkori and A. Rajabifard and M. Kalantari},
journal = {ISPRS Annals of Photogrammetry, Remote Sensing and Spatial Information Sciences},
number = {5194},
pages = {1-233},
title = {FACILITATING THE 3D INDOOR SEARCH AND RESCUE PROBLEM: AN OVERVIEW OF THE PROBLEM AND AN ANT COLONY SOLUTION APPROACH},
volume = {10},
year = {2016},
unidentified = {vol. -21, pp. 233-240 Available: /isprs-annals-iv-2-w-2016},
}

@online{R4,
  title = {Ultra-wideband },
  journal = {En.wikipedia.org},
  url = {https://en.wikipedia.org/wiki/Ultra-wideband [Accessed: 31-May-2019].},
}

@article{R5,
author = {T. Articles al.},
journal = {Allaboutcircuits.com [Online]. Available: [Accessed:},
month = {May},
title = {Wireless RF Energy Harvesting: RF-to-DC Conversion and a Look at Powercast Hardware},
volume = {31},
year = {2019},
url = {https://www.allaboutcircuits.com/technical-articles/wireless-rf-energy-harvesting-rf-to-dc-conversion-powercast-hardware/ [Accessed: 31-May-2019].},
}

@phdthesis{R6,
author = {M. B. Kjrgaard},
school = {University of Aarhus},
title = {Indoor Positioning with Radio Location Fingerprinting},
year = {2010},
}

@online{R7,
title = {IEEE 1625-2008 - IEEE Standard for Rechargeable Batteries for Multi-Cell Mobile Computing Devices},
journal = {Standards.ieee.org, 2019. [Online]. Available: },
url = {https://standards.ieee.org/standard/1625-2008.html. [Accessed: 31-May-2019].},
}

@online{R8,
title = {CAN/CSA-C22.2 NO. 61508-1:17 | Product General Requirements - Canadian Electrical Code Part II | CSA},
journal = {Store.csagroup.org, 2019. [Online]. Available: },
url = {https://store.csagroup.org/ccrz\_\_ProductDetails?sku=2704154 [Accessed: 31-May-2019].},
}

@online{R9,
title = {CSA C22.2 No. 0.23-15 | Standards Council of Canada - Conseil canadien des normes},
journal = {Scc.ca, 2019. [Online].},
url = {https://www.scc.ca/en/standardsdb/standards/28121 [Accessed: 31-May-2019].},
}

@online{R10,
title = {CAN/CSA-C22.2 NO.0-10 | General requirements - Canadian electrical code, part II},
journal = {Store.csagroup.org, 2019. [Online]. Available: },
url = {https://store.csagroup.org/CAN/CSA-C22.2 [Accessed: 31-May-2019].},
}

@online{R11,
title = {P360 - Standard for Wearable Consumer Electronic Devices - Overview and Architecture},
journal = {Standards.ieee.org, 2019. [Online]. Available: },
url = {https://standards.ieee.org/project/360.html [Accessed: 31-May-2019].},
}

@online{R12,
title = {IEEE 802.15.2-2003 - IEEE Recommended Practice for Information technology-- Local and metropolitan area networks-- Specific requirements-- Part 15.2: Coexistence of Wireless Personal Area Networks with Other Wireless Devices Operating in Unlicensed Frequency Bands},
journal = {Standards.ieee.org, 2019. [Online]. Available: },
url = {https://standards.ieee.org/standard/802\_15\_2-2003.html [Accessed: 31-May-2019].},
}

@online{R13,
title = {IEEE 802.15.4q-2016 - IEEE Standard for Low-Rate Wireless Networks --Amendment 2: Ultra-Low Power Physical Layer},
journal = {Standards.ieee.org, 2019. [Online]. Available: },
url = {https://standards.ieee.org/standard/802\_15\_4q-2016.html [Accessed: 31-May-2019].},
}

@online{R14,
title = {I. 26907:2009, "ISO/IEC" 26907:2009},
journal = {ISO, 2019. [Online]. Available: },
url = {https://www.iso.org/standard/53426.html [Accessed: 31-May-2019].},
}

@online{R15,
title = {I. 24730-62:2013, "ISO/IEC 24730-62:2013"},
journal = {ISO, 2019. [Online]. Available: },
url = {https://www.iso.org/standard/60379.html [Accessed: 31-May-2019].},
}

@online{R16,
title = {P802.15.4z - Standard for Low-Rate Wireless Networks Amendment: Enhanced High Rate Pulse (HRP) and Low Rate Pulse (LRP) Ultra Wide-Band (UWB) Physical Layers (PHYs) and Associated Ranging Techniques},
journal = {Standards.ieee.org, 2019. [Online]. Available: },
url = {https://standards.ieee.org/project/802\_15\_4z.html [Accessed: 31-May-2019].},
}

@online{R17,
title = {IEEE 12207-2017 - ISO/IEC/IEEE International Standard - Systems and software engineering -- Software life cycle processes},
journal = {Standards.ieee.org, 2019. [Online]. Available: },
url = {https://standards.ieee.org/standard/12207-2017.html [Accessed: 31-May-2019].},
}

@online{R18,
title = {P2510 - Standard for Establishing Quality of Data Sensor Parameters in the Internet of Things Environment},
journal = {Standards.ieee.org, 2019. [Online]. Available: },
url = {https://standards.ieee.org/project/2510.html [Accessed: 31-May-2019].},
}

@online{R19,
title = {I. 2382-9:1984, "ISO 2382-9:1984", },
journal = {ISO, 2019. [Online]. Available: },
url = {https://www.iso.org/standard/7244.html [Accessed: 31-May-2019].},
}

@online{R20,
title = {IEEE 1221-1993 - IEEE Guide for Fire Hazard Assessment of Electrical Insulating Materials in Electrical Power Systems},
journal = {Standards.ieee.org, 2019. [Online]. Available:},
url = {https://standards.ieee.org/standard/1221-1993.html [Accessed: 31-May-2019].},
}

@online{R21,
title = {IEEE 848-2015 - IEEE Standard Procedure for the Determination of the Ampacity Derating Factor for Fire-Protected Cable Systems},
journal = {Standards.ieee.org, 2019. [Online]. Available: },
url = {https://standards.ieee.org/standard/848-2015.html [Accessed: 31-May-2019].},
}

@article{R22,
author = {M. Cavagnaro and S. Pisa and E. Pittella},
journal = {Hindawi [Online]. Available: [Accessed:},
month = {May},
title = {Safety Aspects of People Exposed to Ultra Wideband Radar Fields},
volume = {22},
year = {2013},
url = {https://www.hindawi.com/journals/ijap/2013/291064/[Accessed: 22-May-2019].},
}

@article{R23,
author = {V. Bach and N. Minkov and M. Finkbeiner},
journal = {Sustainability},
pages = {5},
title = {Assessing the Ability of the Cradle to Cradle Certifiedâ„¢ Products Program to Reliably Determine the Environmental Performance of Products},
volume = {10},
year = {2018},
unidentified = {p. 1562 Available: 10.3390/su10051562},
}

@article{R25,
author = {Epea},
journal = {"Cradle to Cradle: Innovation, quality and good design," [Online; accessed},
title = {Cradle of Cradle to Cradle},
url = {http://www.epea.com/cradle-to-cradle/ [Accessed: 25-May-2019].},
}
