@online{R1,
title = {Statistics Canada. Survey of Commercial and Institutional Energy Use, 2014. [online] Available at: https://www150.statcan.gc.ca/n1/daily-quotidien/160916/dq160916c-eng.htm [Accessed 8 June. 2019].},
}

@online{R2,
title = {Statistics Canada, "Fire-related deaths and persons injured, by type of structure", Www150.statcan.gc.ca, 2019. [Online]. Available: https://www150.statcan.gc.ca/t1/tbl1/en/tv.action?pid=3510019501. [Accessed: 21- May- 2019].},
}

@online{R3,
title = {H. Tashakkori, A. Rajabifard and M. Kalantari, "A new 3D indoor/outdoor spatial model for indoor emergency response facilitation", Building and Environment, vol. 89, pp. 170-182, 2015. Available: 10.1016/j.buildenv.2015.02.036.},
}


@online{R4,
title = {H. Tashakkori, A. Rajabifard and M. Kalantari, "FACILITATING THE 3D INDOOR SEARCH AND RESCUE PROBLEM: AN OVERVIEW OF THE PROBLEM AND AN ANT COLONY SOLUTION APPROACH", ISPRS Annals of Photogrammetry, Remote Sensing and Spatial Information Sciences, vol. -21, pp. 233-240, 2016. Available: 10.5194/isprs-annals-iv-2-w1-233-2016.},
}

@online{R2-0,
title = {Terabee, "Time-of-Flight principle: Technologies and advantages - Terabee", Terabee, 2019. [Online]. Available: https://www.terabee.com/time-of-flight-principle/. [Accessed: 22-Jun-2019].},
}



@online{R4-2-1,
title = {Decawave, "DWM1000 Module - Decawave", Decawave, 2019. [Online]. Available: https://www.decawave.com/product/dwm1000-module/. [Accessed: 22-Jun-2019].},
}


@online{R4-2-1,
title = {},
}