@online{R10-2-1,
title = {},
}

@online{R10-3-1,
title = {},
}

@online{R10-3-2,
title = {},
}
